@misc{3blue1brown_gradientdescent,
  author = {{3Blue1Brown}},
  title  = {Gradient descent, how neural networks learn | {Chapter} 2, Deep learning},
  url    = {https://www.youtube.com/watch?v=IHZwWFHWa-w},
  year   = {2017}
}

@misc{3blue1brown_neuralnetwork,
  author = {{3Blue1brown}},
  title  = {But what is a neural network? | {Chapter} 1, Deep learning},
  url    = {https://www.youtube.com/watch?v=aircAruvnKk},
  year   = {2017}
}

@book{Abu-Mostafa:2012,
  author    = {Abu-Mostafa, Yaser S. and Magdon-Ismail, Malik and Lin, Hsuan-Tien},
  isbn      = {1600490069},
  note      = {\color{Orange}Note: Good general introduction to machine learning},
  publisher = {AMLBook},
  title     = {Learning From Data},
  url       = {https://amlbook.com/},
  year      = {2012}
}

@article{Aurisano:2016jvx,
  archiveprefix = {arXiv},
  author        = {Aurisano, A. and Radovic, A. and Rocco, D. and Himmel, A. and Messier, M. D. and Niner, E. and Pawloski, G. and Psihas, F. and Sousa, A. and Vahle, P.},
  doi           = {10.1088/1748-0221/11/09/P09001},
  eprint        = {1604.01444},
  journal       = {JINST},
  pages         = {P09001},
  primaryclass  = {hep-ex},
  reportnumber  = {FERMILAB-PUB-16-082-ND},
  title         = {{A Convolutional Neural Network Neutrino Event Classifier}},
  volume        = {11},
  year          = {2016}
}

@book{Calafiura:2022,
  author    = {Calafiura, Paolo and Rousseau, David and Terao, Kazuhiro},
  doi       = {10.1142/12200},
  note      = {\color{Orange}Note: Mostly reviews of AI applications in high energy physics. Some chapters can be found for free on arXiv.},
  publisher = {World Scientific},
  title     = {Artificial Intelligence for High Energy Physics},
  year      = {2022}
}

@article{Carleo:2019ptp,
  archiveprefix = {arXiv},
  author        = {Carleo, Giuseppe and Cirac, Ignacio and Cranmer, Kyle and Daudet, Laurent and Schuld, Maria and Tishby, Naftali and Vogt-Maranto, Leslie and Zdeborov\'a, Lenka},
  doi           = {10.1103/RevModPhys.91.045002},
  eprint        = {1903.10563},
  journal       = {Rev. Mod. Phys.},
  number        = {4},
  pages         = {045002},
  primaryclass  = {physics.comp-ph},
  title         = {{Machine learning and the physical sciences}},
  volume        = {91},
  year          = {2019}
}

@book{Chollet:2021,
  author    = {Chollet, Fran\c{c}ois},
  edition   = {2},
  note      = {\color{Orange}Note: Good reference by the author of Keras. Free e-book from UCSD Library},
  publisher = {Manning},
  title     = {{Deep Learning with Python}},
  url       = {https://www.manning.com/books/deep-learning-with-python-second-edition},
  year      = {2021}
}

@article{deOliveira:2015xxd,
  archiveprefix = {arXiv},
  author        = {de Oliveira, Luke and Kagan, Michael and Mackey, Lester and Nachman, Benjamin and Schwartzman, Ariel},
  doi           = {10.1007/JHEP07(2016)069},
  eprint        = {1511.05190},
  journal       = {JHEP},
  pages         = {069},
  primaryclass  = {hep-ph},
  title         = {{Jet-images \textemdash{} deep learning edition}},
  volume        = {07},
  year          = {2016}
}

@article{DeZoort:2021rbj,
  archiveprefix = {arXiv},
  author        = {DeZoort, Gage and Thais, Savannah and Duarte, Javier and Razavimaleki, Vesal and Atkinson, Markus and Ojalvo, Isobel and Neubauer, Mark and Elmer, Peter},
  doi           = {10.1007/s41781-021-00073-z},
  eprint        = {2103.16701},
  journal       = {Comput. Softw. Big Sci.},
  number        = {1},
  pages         = {26},
  primaryclass  = {hep-ex},
  title         = {{Charged Particle Tracking via Edge-Classifying Interaction Networks}},
  volume        = {5},
  year          = {2021}
}

@book{Erdman:2021,
  author    = {Erdmann, Martin and Glombitza, Jonas and Kasieczka, Gregor and Klemradt, Uwe},
  doi       = {10.1142/12294},
  note      = {\color{Orange}Note: Intermediate deep learning for physics research with Jupyter notebook exercises},
  publisher = {World Scientific},
  title     = {Deep Learning for Physics Research},
  url       = {http://deeplearningphysics.org/},
  year      = {2021}
}

@article{Erdmann:2019nie,
  archiveprefix = {arXiv},
  author        = {Erdmann, M. and Schl\"uter, F. and Smida, R.},
  doi           = {10.1088/1748-0221/14/04/P04005},
  eprint        = {1901.04079},
  journal       = {JINST},
  number        = {04},
  pages         = {P04005},
  primaryclass  = {astro-ph.IM},
  title         = {{Classification and Recovery of Radio Signals from Cosmic Ray Induced Air Showers with Deep Learning}},
  volume        = {14},
  year          = {2019}
}

@article{Fry:2024lcg,
  archiveprefix = {arXiv},
  author        = {Fry, J. T. and Fu, Xinyi Hope and Fu, Zhenghao and Pappas, Kaliroe M. W. and Winslow, Lindley and Li, Aobo},
  eprint        = {2406.04378},
  month         = {6},
  primaryclass  = {astro-ph.IM},
  title         = {{TIDMAD: Time Series Dataset for Discovering Dark Matter with AI Denoising}},
  year          = {2024}
}

@misc{g2net-detecting-continuous-gravitational-waves,
  author    = {Chris Messenger and inversion and Maggie and Michael J. Williams and Rodrigo Tenorio},
  publisher = {Kaggle},
  title     = {G2Net Detecting Continuous Gravitational Waves},
  url       = {https://kaggle.com/competitions/g2net-detecting-continuous-gravitational-waves},
  year      = {2022}
}

@misc{g2net-gravitational-wave-detection,
  author    = {Chris Messenger and ChristopherZerafa and Elena Cuoco and inversion and Michael J. Williams},
  publisher = {Kaggle},
  title     = {{G2Net Gravitational Wave Detection}},
  url       = {https://kaggle.com/competitions/g2net-gravitational-wave-detection},
  year      = {2021}
}

@book{Goodfellow-et-al-2016,
  author    = {Ian Goodfellow and Yoshua Bengio and Aaron Courville},
  note      = {\color{Orange}Note: Comprehensive, free textbook on deep learning},
  publisher = {MIT Press},
  title     = {Deep Learning},
  url       = {http://www.deeplearningbook.org},
  year      = {2016}
}

@article{Guest:2016iqz,
  archiveprefix = {arXiv},
  author        = {Guest, Daniel and Collado, Julian and Baldi, Pierre and Hsu, Shih-Chieh and Urban, Gregor and Whiteson, Daniel},
  doi           = {10.1103/PhysRevD.94.112002},
  eprint        = {1607.08633},
  journal       = {Phys. Rev. D},
  number        = {11},
  pages         = {112002},
  primaryclass  = {hep-ex},
  title         = {{Jet Flavor Classification in High-Energy Physics with Deep Neural Networks}},
  volume        = {94},
  year          = {2016}
}

@misc{hbb_dataset,
  author = {{CMS Collaboration} and Javier Duarte},
  doi    = {10.7483/OPENDATA.CMS.JGJX.MS7Q},
  note   = {{CERN} Open Data Portal},
  title  = {Sample with jet, track and secondary vertex properties for {Hbb} tagging {ML} studies ({HiggsToBBNTuple\_HiggsToBB\_QCD\_RunII\_13TeV\_MC})},
  year   = {2019}
}

@misc{hepmllivingreview,
  archiveprefix = {arXiv},
  author        = {{HEP ML Community}},
  eprint        = {2102.02770},
  primaryclass  = {hep-ph},
  title         = {{A Living Review of Machine Learning for Particle Physics}},
  url           = {https://iml-wg.github.io/HEPML-LivingReview/},
  year          = {2021}
}

@misc{jetclass,
  author    = {Qu, Huilin and Li, Congqiao and Qian, Sitian},
  doi       = {10.5281/zenodo.6619768},
  publisher = {Zenodo},
  title     = {JetClass: A Large-Scale Dataset for Deep Learning in Jet Physics},
  url       = {https://doi.org/10.5281/zenodo.6619768},
  version   = {1.0.0},
  year      = 2022
}

@misc{jetclass2,
  author    = {Congqiao Li and Javier Duarte and Antonios Agapitos and Jovin Drews and Dawei Fu and Leyun Gao and Raghav Kansal and Gregor Kasieczka and Louis Moureaux and Huilin Qu and Cristina Mantilla Suarez and Qiang Li},
  doi       = {10.57967/hf/6336},
  publisher = {Hugging Face},
  title     = {{JetClass-II}},
  url       = {https://huggingface.co/datasets/jet-universe/jetclass2},
  year      = {2025}
}

@misc{kasieczka_gregor_2019_2603256,
  author    = {Kasieczka, Gregor and
               Plehn, Tilman and
               Thompson, Jennifer and
               Russel, Michael},
  doi       = {10.5281/zenodo.2603256},
  publisher = {Zenodo},
  title     = {Top Quark Tagging Reference Dataset},
  url       = {https://doi.org/10.5281/zenodo.2603256},
  version   = {v0 (2018\_03\_27)},
  year      = 2019
}

@article{Khan:2018opv,
  archiveprefix = {arXiv},
  author        = {Khan, Asad and Huerta, E. A. and Wang, Sibo and Gruendl, Robert and Jennings, Elise and Zheng, Huihuo},
  doi           = {10.1016/j.physletb.2019.06.009},
  eprint        = {1812.02183},
  journal       = {Phys. Lett. B},
  pages         = {248},
  primaryclass  = {astro-ph.IM},
  title         = {{Deep learning at scale for the construction of galaxy catalogs in the Dark Energy Survey}},
  volume        = {795},
  year          = {2019}
}

@article{Komiske:2016rsd,
  archiveprefix = {arXiv},
  author        = {Komiske, Patrick T. and Metodiev, Eric M. and Schwartz, Matthew D.},
  doi           = {10.1007/JHEP01(2017)110},
  eprint        = {1612.01551},
  journal       = {JHEP},
  pages         = {110},
  primaryclass  = {hep-ph},
  reportnumber  = {MIT-CTP-4866, MIT-CTP 4866},
  title         = {{Deep learning in color: towards automated quark/gluon jet discrimination}},
  volume        = {01},
  year          = {2017}
}

@unpublished{Li:2024htp,
  archiveprefix = {arXiv},
  author        = {Li, Congqiao and others},
  eprint        = {2405.12972},
  note          = {Preprint},
  primaryclass  = {hep-ph},
  reportnumber  = {FERMILAB-PUB-24-0699-V},
  title         = {{Accelerating Resonance Searches via Signature-Oriented Pre-training}},
  year          = {2024}
}
@article{LSSTDarkEnergyScience:2019cvx,
  archiveprefix = {arXiv},
  author        = {Kessler, R. and others},
  collaboration = {LSST Dark Energy Science, Transient, Variable Stars Science},
  doi           = {10.1088/1538-3873/ab26f1},
  eprint        = {1903.11756},
  journal       = {Publ. Astron. Soc. Pac.},
  number        = {1003},
  pages         = {094501},
  primaryclass  = {astro-ph.HE},
  title         = {{Models and Simulations for the Photometric LSST Astronomical Time Series Classification Challenge (PLAsTiCC)}},
  volume        = {131},
  year          = {2019}
}

@dataset{majorana_collaboration_2023_8257027,
  collaboration = {Majorana},
  doi           = {10.5281/zenodo.8257027},
  publisher     = {Zenodo},
  title         = {{Majorana Demonstrator Data Release for AI/ML Applications}},
  version       = {1.0},
  year          = {2023}
}

@unpublished{Majorana:2023kmv,
  archiveprefix = {arXiv},
  author        = {Arnquist, I. J. and others},
  collaboration = {Majorana},
  eprint        = {2308.10856},
  note          = {Preprint},
  primaryclass  = {cs.LG},
  title         = {{Majorana Demonstrator Data Release for AI/ML Applications}},
  year          = {2023}
}

@article{Mehta:2019,
  archiveprefix = {arXiv},
  author        = {Pankaj Mehta and Marin Bukov and Ching-Hao Wang and Alexandre G.R. Day and Clint Richardson and Charles K. Fisher and David J. Schwab},
  doi           = {10.1016/j.physrep.2019.03.001},
  eprint        = {1803.08823},
  journal       = {Phys. Rept.},
  note          = {\color{Orange}Note: Free on arXiv and oriented at physicists},
  pages         = {1},
  title         = {A high-bias, low-variance introduction to Machine Learning for physicists},
  volume        = {810},
  year          = 2019
}

@inproceedings{Miao:2024oqy,
  archiveprefix = {arXiv},
  author        = {Miao, Siqi and Lu, Zhiyuan and Liu, Mia and Duarte, Javier and Li, Pan},
  booktitle     = {{41st International Conference on Machine Learning}},
  day           = {1},
  eprint        = {2402.12535},
  keywords      = {recent,career},
  month         = {5},
  pages         = {35546},
  primaryclass  = {cs.LG},
  title         = {{Locality-Sensitive Hashing-Based Efficient Point Transformer with Applications in High-Energy Physics}},
  url           = {https://proceedings.mlr.press/v235/miao24b.html},
  volume        = {235},
  year          = {2024}
}

@article{Moreno:2019neq,
  archiveprefix = {arXiv},
  author        = {Moreno, Eric A. and Nguyen, Thong Q. and Vlimant, Jean-Roch and Cerri, Olmo and Newman, Harvey B. and Periwal, Avikar and Spiropulu, Maria and Duarte, Javier M. and Pierini, Maurizio},
  doi           = {10.1103/PhysRevD.102.012010},
  eprint        = {1909.12285},
  journal       = {Phys. Rev. D},
  pages         = {012010},
  primaryclass  = {hep-ex},
  reportnumber  = {FERMILAB-PUB-19-492-CMS-E},
  title         = {{Interaction networks for the identification of boosted $H \to b\overline{b}$ decays}},
  volume        = {102},
  year          = {2020}
}

@article{Moreno:2021fvp,
  archiveprefix = {arXiv},
  author        = {Moreno, Eric A. and Borzyszkowski, Bartlomiej and Pierini, Maurizio and Vlimant, Jean-Roch and Spiropulu, Maria},
  doi           = {10.1088/2632-2153/ac5435},
  eprint        = {2107.12698},
  journal       = {Mach. Learn.: Sci. Technol.},
  number        = {2},
  pages         = {025001},
  primaryclass  = {gr-qc},
  title         = {{Source-agnostic gravitational-wave detection with recurrent autoencoders}},
  volume        = {3},
  year          = {2022}
}

@article{Ormiston:2020ele,
  archiveprefix = {arXiv},
  author        = {Ormiston, Rich and Nguyen, Tri and Coughlin, Michael and Adhikari, Rana X. and Katsavounidis, Erik},
  doi           = {10.1103/PhysRevResearch.2.033066},
  eprint        = {2005.06534},
  journal       = {Phys. Rev. Res.},
  pages         = {033066},
  primaryclass  = {astro-ph.IM},
  title         = {{Noise Reduction in Gravitational-wave Data via Deep Learning}},
  volume        = {2},
  year          = {2020}
}


@article{ParticleDataGroup:2024cfk,
  author  = {{K. Cranmer, U. Seljak, and K. Terao, ``Machine Learning'' Ch. 41 in Particle Data Group} and S. Navas and others},
  doi     = {10.1103/PhysRevD.110.030001},
  journal = {Phys. Rev. D},
  pages   = {030001},
  title   = {{Review of particle physics}},
  url     = {https://pdg.lbl.gov/2024/reviews/rpp2024-rev-machine-learning.pdf},
  volume  = {110},
  year    = {2024}
}

@misc{plasticc-kaggle,
  author    = {Tarek Allam and others},
  publisher = {Kaggle},
  title     = {{PLAsTiCC Astronomical Classification Challenge}},
  url       = {https://kaggle.com/competitions/plasticc},
  year      = {2018}
}

@misc{trackml-particle-identification,
  author    = {Anaderi and Andreas Salzburger and CecileGermain and David Rousseau and Guillaume Charpiat and Heather Gray and inversion and Isabelle and JR and Laurent Basara and Maggie and Mikhail Hushchyn and Moritz Kiehn and Paolo Calafiura and Sorme and Steve Farrell},
  publisher = {Kaggle},
  title     = {{TrackML Particle Tracking Challenge}},
  url       = {https://kaggle.com/competitions/trackml-particle-identification},
  year      = {2018}
}


@book{Zeljko:2014,
  author    = {Ivezic, Zeljko and Connolly, Andrew J. and VanderPlas, Jacob T. and Gray, Alexander},
  isbn      = {0691151687},
  note      = {\color{Orange}Note: machine learning applications in astronomy},
  publisher = {Princeton University Press},
  title     = {Statistics, Data Mining, and Machine Learning in Astronomy: A Practical Python Guide for the Analysis of Survey Data},
  year      = {2014}
}

@article{Zhou:2019,
  archiveprefix = {arXiv},
  author        = {Rongpu Zhou and Michael C Cooper and Jeffrey A Newman and Matthew L N Ashby and James Aird and Christopher J Conselice and Marc Davis and Aaron A Dutton and S M Faber and Jerome J Fang and G G Fazio and Puragra Guhathakurta and Dale Kocevski and David C Koo and Kirpal Nandra and Andrew C Phillips and David J Rosario and Edward F Schlafly and Jonathan R Trump and Benjamin Weiner and Christopher N A Willmer and Renbin Yan},
  doi           = {10.1093/mnras/stz1866},
  eprint        = {1903.08174},
  journal       = {Mon. Notices Royal Astron. Soc.},
  pages         = {4565},
  title         = {Deep {ugrizY} imaging and {DEEP}2/3 spectroscopy: a photometric redshift testbed for {LSST} and public release of data from the {DEEP}3 Galaxy Redshift Survey},
  volume        = {488},
  year          = {2019}
}
